@article{glaser2006efficacy,
  title={The efficacy and effect of racial profiling: A mathematical simulation approach},
  author={Glaser, Jack},
  journal={Journal of Policy Analysis and Management: The Journal of the Association for Public Policy Analysis and Management},
  volume={25},
  number={2},
  pages={395--416},
  year={2006},
  publisher={Wiley Online Library}
}

@article{goel2016precinct,
  title={Precinct or prejudice? Understanding racial disparities in New York City’s stop-and-frisk policy},
  author={Goel, Sharad and Rao, Justin M and Shroff, Ravi and others},
  journal={The Annals of Applied Statistics},
  volume={10},
  number={1},
  pages={365--394},
  year={2016},
  publisher={Institute of Mathematical Statistics}
}

@article{gelman2007analysis,
  title={An analysis of the New York City police department's “stop-and-frisk” policy in the context of claims of racial bias},
  author={Gelman, Andrew and Fagan, Jeffrey and Kiss, Alex},
  journal={Journal of the American statistical association},
  volume={102},
  number={479},
  pages={813--823},
  year={2007},
  publisher={Taylor \& Francis}
}

@article{antonovics2009new,
  title={A new look at racial profiling: Evidence from the Boston Police Department},
  author={Antonovics, Kate and Knight, Brian G},
  journal={The Review of Economics and Statistics},
  volume={91},
  number={1},
  pages={163--177},
  year={2009},
  publisher={MIT Press}
}

@article{smith2001racial,
  title={Racial profiling? A multivariate analysis of police traffic stop data},
  author={Smith, Michael R and Petrocelli, Matthew},
  journal={Police Quarterly},
  volume={4},
  number={1},
  pages={4--27},
  year={2001},
  publisher={Sage Publications}
}

@article{harcourt2004rethinking,
  title={Rethinking racial profiling: A critique of the economics, civil liberties, and constitutional literature, and of criminal profiling more generally},
  author={Harcourt, Bernard E},
  journal={The University of Chicago Law Review},
  volume={71},
  number={4},
  pages={1275--1381},
  year={2004},
  publisher={JSTOR}
}

@article{knowles2001racial,
  title={Racial bias in motor vehicle searches: Theory and evidence},
  author={Knowles, John and Persico, Nicola and Todd, Petra},
  journal={Journal of Political Economy},
  volume={109},
  number={1},
  pages={203--229},
  year={2001},
  publisher={The University of Chicago Press}
}

@article{hackney2013reverse,
  title={Reverse deterrence in racial profiling: Increased transgressions by nonprofiled Whites.},
  author={Hackney, Amy A and Glaser, Jack},
  journal={Law and Human Behavior},
  volume={37},
  number={5},
  pages={348},
  year={2013},
  publisher={Educational Publishing Foundation}
}

@article{ACLU,
  title={Report on the state of profiling in \MakeUppercase{C}hicago and other major \MakeUppercase{US} cities},
  author={ACLU},
  journal={},
  volume={},
  number={},
  pages={},
  year={2015},
  publisher={}
}